@book{aguilar2000biomecanica,
  title={Biomec{\'a}nica, la f{\'\i}sica y la fisiolog{\'\i}a},
  author={Aguilar, Miguel and Guti{\'e}rrez, Miguel Aguilar},
  number={30},
  year={2000},
  publisher={Editorial CSIC-CSIC Press}
}

@book{jose2009biomecanica,
  title={Biomec{\'a}nica deportiva y control del entrenamiento},
  author={Jos{\'e}, Acero and others},
  volume={4},
  year={2009},
  publisher={Fun{\'a}mbulos Editores}
}